<collection xmlns="http://www.loc.gov/MARC21/slim">
<record>
  <leader>00413na 0a22001211i 450 </leader>
  <controlfield tag="001">IT\ICCU\CNCE\077477</controlfield>
  <controlfield tag="005">20120621000000.0</controlfield>
  <datafield tag="100" ind1=" " ind2=" ">
    <subfield code="a">20120621             0itac0103    ba</subfield>
  </datafield>
  <datafield tag="101" ind1=" " ind2=" ">
    <subfield code="a">ITA</subfield>
  </datafield>
  <datafield tag="200" ind1="1" ind2=" ">
    <subfield code="a">Maschere de&apos;caualier venturieri, che giostrarono al saracino ...</subfield>
  </datafield>
  <datafield tag="700" ind1=" " ind2="1">
    <subfield code="a">De_Rossi,</subfield>
    <subfield code="b">Bastiano</subfield>
    <subfield code="3">IT\ICCU\CNCA\006772</subfield>
  </datafield>
  <datafield tag="790" ind1=" " ind2="1">
    <subfield code="a">Rossi,</subfield>
    <subfield code="b">Bastiano : de&apos;</subfield>
    <subfield code="3">IT\ICCU\CNCA\015315</subfield>
    <subfield code="z">De_Rossi, Bastiano</subfield>
  </datafield>
  <datafield tag="801" ind1=" " ind2="3">
    <subfield code="a">IT</subfield>
    <subfield code="b">ICCU</subfield>
    <subfield code="c">20201115</subfield>
  </datafield>
</record>
</collection>
